%% This BibTeX bibliography file was created using BibDesk.
%% http://bibdesk.sourceforge.net/


%% Created for Antonello Miucci at 2015-12-01 11:17:53 +0100 


%% Saved with string encoding Unicode (UTF-8) 



@techreport{lhc,
	Author = {O. Bruening et al.},
	Institution = {Geneva},
	Number = {CERN-2004-003},
	Title = {LHC Design Report},
	Year = {2004}}

@book{lep,
	Address = {Geneva},
	Note = {Copies shelved as reports in LEP, PS and SPS libraries},
	Publisher = {CERN},
	Title = {{LEP design report}},
	Url = {https://cds.cern.ch/record/102083},
	Year = {1984},
	Bdsk-Url-1 = {https://cds.cern.ch/record/102083}}

@article{atlas1,
	Author = {Airapetian, A. and others},
	Collaboration = {ATLAS},
	Reportnumber = {CERN-LHCC-99-14, ATLAS-TDR-14},
	Slaccitation = {%%CITATION = CERN-LHCC-99-14;%%},
	Title = {{ATLAS: Detector and physics performance technical design report. Volume 1}},
	Year = {1999}}

@article{atlas2,
	Author = {Airapetian, A. and others},
	Collaboration = {ATLAS},
	Reportnumber = {CERN-LHCC-99-15, ATLAS-TDR-15},
	Slaccitation = {%%CITATION = CERN-LHCC-99-15;%%},
	Title = {{ATLAS: Detector and physics performance technical design report. Volume 2}},
	Year = {1999}}

@article{SM1,
	Author = {S. L. Glashow},
	Reportnumber = {Nucl. Phys. 22, 579},
	Title = {Partial-symmetries of weak interactions},
	Year = {1961}}

@article{SM2,
	Author = {A. Salam and J. C. Ward},
	Reportnumber = {Phys. Lett. 13, 168},
	Title = {Electromagnetic and weak interactions},
	Year = {1964}}

@article{SM3,
	Author = {S. Weinberg},
	Reportnumber = {Phys, Rev. Lett. 19, 1264},
	Title = {A model of Leptons},
	Year = {1967}}

@book{gauge-theory,
	Address = {Oxford Oxfordshire New York},
	Author = {Cheng,},
	Isbn = {0198519613},
	Publisher = {Clarendon Press Oxford University Press},
	Title = {Gauge theory of elementary particle physics},
	Year = {1984}}

@article{higgs_mass,
	Archiveprefix = {arXiv},
	Author = {Aad, Georges and others},
	Collaboration = {ATLAS, CMS},
	Doi = {10.1103/PhysRevLett.114.191803},
	Eprint = {1503.07589},
	Journal = {Phys. Rev. Lett.},
	Pages = {191803},
	Primaryclass = {hep-ex},
	Reportnumber = {ATLAS-HIGG-2014-14, CMS-HIG-14-042, CERN-PH-EP-2015-075},
	Slaccitation = {%%CITATION = ARXIV:1503.07589;%%},
	Title = {{Combined Measurement of the Higgs Boson Mass in $pp$ Collisions at $\sqrt{s}=7$ and 8 TeV with the ATLAS and CMS Experiments}},
	Volume = {114},
	Year = {2015},
	Bdsk-Url-1 = {http://dx.doi.org/10.1103/PhysRevLett.114.191803}}

@article{atlas_magnet,
	Collaboration = {ATLAS},
	Reportnumber = {CERN-LHCC-97-18},
	Slaccitation = {%%CITATION = CERN-LHCC-97-18;%%},
	Title = {{ATLAS magnet system: Technical design report}},
	Year = {1997}}

@article{atlas_id1,
	Collaboration = {ATLAS},
	Reportnumber = {CERN-LHCC-97-16, ATLAS-TDR-4},
	Slaccitation = {%%CITATION = CERN-LHCC-97-16;%%},
	Title = {{ATLAS inner detector: Technical design report. Vol. 1}},
	Year = {1997}}

@article{atlas_id2,
	Collaboration = {ATLAS},
	Reportnumber = {CERN-LHCC-97-17},
	Slaccitation = {%%CITATION = CERN-LHCC-97-17;%%},
	Title = {{ATLAS inner detector: Technical design report. Vol. 2}},
	Year = {1997}}

@article{atlas_sct,
	Author = {Ahmad, A. and others},
	Doi = {10.1016/j.nima.2007.04.157},
	Journal = {Nucl. Instrum. Meth.},
	Pages = {98-118},
	Slaccitation = {%%CITATION = NUIMA,A578,98;%%},
	Title = {{The Silicon microstrip sensors of the ATLAS semiconductor tracker}},
	Volume = {A578},
	Year = {2007},
	Bdsk-Url-1 = {http://dx.doi.org/10.1016/j.nima.2007.04.157}}

@article{atlas_trt,
	Author = {Abat, E. and others},
	Collaboration = {ATLAS TRT},
	Doi = {10.1088/1748-0221/3/02/P02013},
	Journal = {JINST},
	Pages = {P02013},
	Slaccitation = {%%CITATION = JINST,3,P02013;%%},
	Title = {{The ATLAS Transition Radiation Tracker (TRT) proportional drift tube: Design and performance}},
	Volume = {3},
	Year = {2008},
	Bdsk-Url-1 = {http://dx.doi.org/10.1088/1748-0221/3/02/P02013}}

@article{tau_life,
	Author = {{Yao}, W.-M. and {Amsler}, C. and {Asner}, D. and {Barnett}, R.M. and {Beringer}, J. and {Burchat}, P.R. and {Carone}, C.D. and {Caso}, C. and {Dahl}, O. and {D'Ambrosio}, G. and {DeGouvea}, A. and {Doser}, M. and {Eidelman}, S. and {Feng}, J.L. and {Gherghetta}, T. and {Goodman}, M. and {Grab}, C. and {Groom}, D.E. and {Gurtu}, A. and {Hagiwara}, K. and {Hayes}, K.G. and {Hern\'andez-Rey}, J.J. and {Hikasa}, K. and {Jawahery}, H. and {Kolda}, C. and {Kwon} Y. and {Mangano}, M.L. and {Manohar}, A.V. and {Masoni}, A. and {Miquel}, R. and {M\"onig}, K. and {Murayama}, H. and {Nakamura}, K. and {Navas}, S. and {Olive}, K.A. and {Pape}, L. and {Patrignani}, C. and {Piepke}, A. and {Punzi}, G. and {Raffelt}, G. and {Smith}, J.G. and {Tanabashi}, M. and {Terning}, J. and {T\"ornqvist}, N.A. and {Trippe}, T.G. and {Vogel}, P. and {Watari}, T. and {Wohl}, C.G. and {Workman}, R.L. and {Zyla}, P.A. and {Armstrong}, B. and {Harper}, G. and {Lugovsky}, V.S. and {Schaffner}, P. and {Artuso}, M. and {Babu}, K.S. and {Band}, H.R. and {Barberio}, E. and {Battaglia}, M. and {Bichsel}, H. and {Biebel}, O. and {Bloch}, P. and {Blucher}, E. and {Cahn}, R.N. and {Casper}, D. and {Cattai}, A. and {Ceccucci}, A. and {Chakraborty}, D. and {Chivukula}, R.S. and {Cowan}, G. and {Damour}, T. and {DeGrand}, T. and {Desler}, K. and {Dobbs}, M.A. and {Drees}, M. and {Edwards}, A. and {Edwards}, D.A. and {Elvira}, V.D. and {Erler}, J. and {Ezhela}, V.V. and {Fetscher}, W. and {Fields}, B.D. and {Foster}, B. and {Froidevaux}, D. and {Gaisser}, T.K. and {Garren}, L. and {Gerber}, H.-J. and {Gerbier}, G. and {Gibbons}, L. and {Gilman}, F.J. and {Giudice}, G.F. and {Gritsan}, A.V. and {Gr\"unewald}, M. and {Haber}, H.E. and {Hagmann}, C. and {Hinchliffe}, I. and {H\"ocker}, A. and {Igo-Kemenes}, P. and {Jackson}, J.D. and {Johnson}, K.F. and {Karlen}, D. and {Kayser}, B. and {Kirkby}, D. and {Klein}, S.R. and {Kleinknecht}, K. and {Knowles}, I.G. and {Kowalewski}, R.V. and {Kreitz}, P. and {Krusche}, B. and {Kuyanov}, Yu.V. and {Lahav}, O. and {Langacker}, P. and {Liddle}, A. and {Ligeti}, Z. and {Liss}, T.M. and {Littenberg}, L. and {Liu}, L. and {Lugovsky}, K.S. and {Lugovsky}, S.B. and {Mannel}, T. and {Manley}, D.M. and {Marciano}, W.J. and {Martin}, A.D. and {Milstead}, D. and {Narain}, M. and {Nason}, P. and {Nir}, Y. and {Peacock}, J.A. and {Prell}, S.A. and {Quadt}, A. and {Raby}, S. and {Ratcliff}, B.N. and {Razuvaev}, E.A. and {Renk}, B. and {Richardson}, P. and {Roesler}, S. and {Rolandi}, G. and {Ronan}, M.T. and {Rosenberg}, L.J. and {Sachrajda}, C.T. and {Sarkar}, S. and {Schmitt}, M. and {Schneider}, O. and {Scott}, D. and {Sj\"ostrand}, T. and {Smoot}, G.F. and {Sokolsky}, P. and {Spanier}, S. and {Spieler}, H. and {Stahl}, A. and {Stanev}, T. and {Streitmatter}, R.E. and {Sumiyoshi}, T. and {Tkachenko}, N.P. and {Trilling}, G.H. and {Valencia}, G. and {van Bibber}, K. and {Vincter}, M.G. and {Ward}, D.R. and {Webber}, B.R. and {Wells}, J.D. and {Whalley}, M. and {Wolfenstein}, L. and {Womersley}, J. and {Woody}, C.L. and {Yamamoto}, A. and {Zenin}, O.V. and {Zhang}, J. and {Zhu}, R.-Y.},
	Journal = {{Journal of Physics G}},
	Pages = {1+},
	Title = {{Review of Particle Physics}},
	Url = {http://pdg.lbl.gov},
	Volume = {33},
	Year = 2006,
	Bdsk-Url-1 = {http://pdg.lbl.gov}}

@article{bethe_block,
	Author = {H. A. Bethe},
	Journal = {Ann. Physik},
	Pages = {325},
	Title = {Zur Theorie des Durchgangs Schneller Korpuskularstrahlen durch Materie},
	Volume = {397},
	Year = {1930}}

@article{landau,
	Author = {Landau, L.},
	Journal = {J. Phys.(USSR)},
	Pages = {201-205},
	Slaccitation = {%%CITATION = JOPYA,8,201;%%},
	Title = {{On the energy loss of fast particles by ionization}},
	Volume = {8},
	Year = {1944}}

@article{plural_scattering,
	Author = {E. Keil, E.Zeitler, and W. Zinn},
	Page = {1031},
	Volume = {15A},
	Year = {1960}}

@article{rutherford,
	Author = {E. Rutherford},
	Journal = {Philos. Mag.},
	Page = {21},
	Title = {The Scattering of $\alpha$ and $\beta$ Particles by Matter and the Structure of the Atom},
	Volume = {6},
	Year = {1911}}

@book{multiple_scattering,
	Address = {New York},
	Author = {Gonis, Antonios},
	Isbn = {038798853X},
	Publisher = {Springer},
	Title = {Multiple scattering in solids},
	Year = {2000}}

@dissertation{moll,
	Author = {M. Moll},
	Title = {Radiation Damage in Silicon Particle Detectors},
	Year = {1999}}

@book{atlas_pixel,
	Address = {Geneva},
	Author = {Wermes, Norbert and Hallewel, G},
	Collaboration = {ATLAS Collaboration},
	Publisher = {CERN},
	Series = {Technical Design Report ATLAS},
	Title = {{ATLAS pixel detector: Technical Design Report}},
	Url = {https://cds.cern.ch/record/381263},
	Year = {1998},
	Bdsk-Url-1 = {https://cds.cern.ch/record/381263}}

@book{man_fei4b,
	Author = {Sciveres, Maurice},
	Title = {The FE-I4b manual}}

@techreport{Capeans:1291633,
	Address = {Geneva},
	Author = {Capeans, M and Darbo, G and Einsweiller, K and Elsing, M and Flick, T and Garcia-Sciveres, M and Gemme, C and Pernegger, H and Rohne, O and Vuillermet, R},
	Institution = {CERN},
	Month = {Sep},
	Number = {CERN-LHCC-2010-013. ATLAS-TDR-19},
	Reportnumber = {CERN-LHCC-2010-013},
	Title = {{ATLAS Insertable B-Layer Technical Design Report}},
	Url = {http://cds.cern.ch/record/1291633},
	Year = {2010},
	Bdsk-Url-1 = {http://cds.cern.ch/record/1291633}}

@article{Malte_41,
	Author = {Arutinov, David and others},
	Doi = {10.1109/TNS.2009.2015318},
	Journal = {IEEE Trans. Nucl. Sci.},
	Pages = {388-393},
	Slaccitation = {%%CITATION = IETNA,56,388;%%},
	Title = {{Digital architecture and interface of the new ATLAS pixel front-end IC for upgraded LHC luminosity}},
	Volume = {56},
	Year = {2009},
	Bdsk-Url-1 = {http://dx.doi.org/10.1109/TNS.2009.2015318}}

@techreport{BilbaodeMendizabal:1557832,
	Address = {Geneva},
	Author = {Bilbao de Mendizabal, J and Ferrere, D and Nuiry, FX and Seez, W},
	Institution = {CERN},
	Month = {Jun},
	Number = {ATL-INDET-PUB-2013-001},
	Reportnumber = {ATL-INDET-PUB-2013-001},
	Title = {{Irradiation of an IBL stave in a 10MeV beta beam}},
	Url = {https://cds.cern.ch/record/1557832},
	Year = {2013},
	Bdsk-Url-1 = {https://cds.cern.ch/record/1557832}}

@techreport{pixel_cooling,
	Address = {Geneva},
	Institution = {CERN},
	Month = {Apr},
	Number = {ATL-INDET-PUB-2008-006. ATL-COM-INDET-2008-007},
	Reportnumber = {ATL-INDET-PUB-2008-006},
	Title = {{The Evaporative Cooling System for the ATLAS Inner Detector}},
	Url = {https://cds.cern.ch/record/1100863},
	Year = {2008},
	Bdsk-Url-1 = {https://cds.cern.ch/record/1100863}}
